%--------------------------
%version 4
%--------------------------

@misc{conferenciasC,
  title = {{Conferencias de Compilación}},
  howpublished = {Curso 2021-2022. Facultad de Matemática y Computación, Universidad de la Habana.},
  note = { }
}

@misc{conferenciasS,
  title = {{Conferencias de Simulación}},
  howpublished = {Curso 2021-2022. Facultad de Matemática y Computación, Universidad de la Habana.},
  note = { }
}

@misc{conferenciasIA,
  title = {{Conferencias de Inteligencia Artificial}},
  howpublished = {Curso 2021-2022. Facultad de Matemática y Computación, Universidad de la Habana.},
  note = { }
}

@book{ullman,
	author = {Aho, A. and Lam, M. and Sethi, R. and Ullman, J.},
	edition = {Second Edition},
	language = {en},
	title = {Compilers Principles, Techniques, and Tools (Dragon Book)},
	year = 1986
}

@book{russell,
	author = {Russell,S. and Norvig, P.},
	edition = {Fourth Edition},
	language = {en},
	title = {Artificial Intelligence A Modern Approach},
	year = 2021
}

@book{garcia,
	author = {Garcia,L. and Marti, L. and Perez, L. },
	language = {es},
	title = {Temas de Simulación. Facultad de Matemática y Computación, Universidad de la Habana.},
}

@misc{pyke,
	howpublished = "\url{http://pyke.sourceforge.net}",
	title = {{Documentación oficial de PyKE}}
}

@misc{misano,
	howpublished = "\url{https://photo.gp/2015/09/09/misano-track-map-with-speed-and-gear-telemetry/}",
	title = {{Datos telemétricos del circuito de Misano}}
}